<record><leader>00000cas a2200000 a 4500</leader><controlfield tag="001">18770100</controlfield><controlfield tag="008">881116d19871993wauwr ne      0   a0eng c</controlfield><datafield ind1=" " ind2=" " tag="010"><subfield code="a">sn 88087190 </subfield></datafield><datafield ind1=" " ind2=" " tag="040"><subfield code="a">SLZ</subfield><subfield code="b">eng</subfield><subfield code="c">SLZ</subfield><subfield code="d">NSD</subfield><subfield code="d">WAU</subfield><subfield code="d">NSD</subfield><subfield code="d">OCLCQ</subfield><subfield code="d">OCLCF</subfield><subfield code="d">OCLCO</subfield></datafield><datafield ind1=" " ind2=" " tag="012"><subfield code="j">0</subfield><subfield code="m">d</subfield></datafield><datafield ind1="1" ind2=" " tag="022"><subfield code="a">1050-1460</subfield><subfield code="l">1050-1460</subfield><subfield code="2">1</subfield></datafield><datafield ind1="1" ind2=" " tag="029"><subfield code="a">AU@</subfield><subfield code="b">000020533445</subfield></datafield><datafield ind1=" " ind2=" " tag="037"><subfield code="b">The Port Townsend Jefferson County Leader, 226 Adams St., PO Box 552, Port Townsend, WA 98368</subfield></datafield><datafield ind1=" " ind2=" " tag="042"><subfield code="a">pcc</subfield><subfield code="a">nsdp</subfield></datafield><datafield ind1=" " ind2=" " tag="043"><subfield code="a">n-us-wa</subfield></datafield><datafield ind1=" " ind2="4" tag="222"><subfield code="a">The Port Townsend Jefferson County leader</subfield></datafield><datafield ind1="0" ind2="4" tag="245"><subfield code="a">The Port Townsend Jefferson County leader.</subfield></datafield><datafield ind1=" " ind2=" " tag="260"><subfield code="a">Port Townsend, Wash. :</subfield><subfield code="b">Frank Garred,</subfield><subfield code="c">1987-1993.</subfield></datafield><datafield ind1=" " ind2=" " tag="300"><subfield code="a">5 v.</subfield></datafield><datafield ind1=" " ind2=" " tag="310"><subfield code="a">Weekly</subfield></datafield><datafield ind1="0" ind2=" " tag="362"><subfield code="a">Vol. 99, no. 41 (Oct. 14, 1987)-v. 103, no. 52 (Dec. 29, 1993).</subfield></datafield><datafield ind1=" " ind2=" " tag="500"><subfield code="a">Published: Port Townsend Pub. Co., &lt;Feb. 1990&gt;-1993.</subfield></datafield><datafield ind1=" " ind2="0" tag="651"><subfield code="a">Port Townsend (Wash.)</subfield><subfield code="v">Newspapers.</subfield></datafield><datafield ind1=" " ind2="7" tag="655"><subfield code="a">Newspapers.</subfield><subfield code="2">fast</subfield><subfield code="0">(OCoLC)fst01423814</subfield></datafield><datafield ind1=" " ind2="7" tag="651"><subfield code="a">Washington (State)</subfield><subfield code="z">Port Townsend.</subfield><subfield code="2">fast</subfield><subfield code="0">(OCoLC)fst01334269</subfield></datafield><datafield ind1=" " ind2=" " tag="752"><subfield code="a">United States</subfield><subfield code="b">Washington</subfield><subfield code="c">Jefferson</subfield><subfield code="d">Port Townsend.</subfield></datafield><datafield ind1="0" ind2="0" tag="780"><subfield code="t">Port Townsend leader (1927)</subfield><subfield code="w">(DLC)sn 87093280</subfield><subfield code="w">(OCoLC)17212660</subfield></datafield><datafield ind1="0" ind2="0" tag="785"><subfield code="t">Leader (Port Townsend, Wash.)</subfield><subfield code="x">1530-9967</subfield><subfield code="w">(DLC)sn 98048269</subfield></datafield><datafield ind1=" " ind2=" " tag="850"><subfield code="a">WaU</subfield></datafield></record>